%% This BibTeX bibliography file was created using BibDesk.
%% https://bibdesk.sourceforge.io/

%% Created for Irving Yussel Blanco Rodr√≠guez at 2021-08-25 18:57:48 -0500 


%% Saved with string encoding Unicode (UTF-8) 



@book{Champagne:2014tb,
	address = {https://libroblockchain.com/satoshi/},
	author = {Phil Champagne},
	date-added = {2021-08-20 19:23:49 -0500},
	date-modified = {2021-08-20 19:38:40 -0500},
	edition = {BlockchainEspana.com},
	keywords = {Blockchain,Satoshi},
	publisher = {Blockchain Espa{\~n}a},
	rating = {5},
	read = {1},
	title = {El libro de Satoshi},
	year = {2014},
	Bdsk-File-1 = {YnBsaXN0MDDSAQIDBFxyZWxhdGl2ZVBhdGhZYWxpYXNEYXRhXxBBLi4vLi4vUGFwZXJzL2xpYnJvLWRlLXNhdG9zaGktYmxvY2tjaGFpbi1lc3BhbmEtdjEtanVuaW8tMjAxOC5wZGZPEQHoAAAAAAHoAAIAAAtNYWNCb29rIFBybwAAAAAAAAAAAAAAAAAAAAAAAAAAQkQAAf////8fbGlicm8tZGUtc2F0b3NoaS1iI0ZGRkZGRkZGLnBkZgAAAAAAAAAAAAAAAAAAAAAAAAAAAAAAAAAAAAAAAAAA/////wAAAAAAAAAAAAAAAAACAAIAAAogY3UAAAAAAAAAAAAAAAAABlBhcGVycwACAFQvOlVzZXJzOnl1c3NtZTpEb2N1bWVudHM6UGFwZXJzOmxpYnJvLWRlLXNhdG9zaGktYmxvY2tjaGFpbi1lc3BhbmEtdjEtanVuaW8tMjAxOC5wZGYADgBqADQAbABpAGIAcgBvAC0AZABlAC0AcwBhAHQAbwBzAGgAaQAtAGIAbABvAGMAawBjAGgAYQBpAG4ALQBlAHMAcABhAG4AYQAtAHYAMQAtAGoAdQBuAGkAbwAtADIAMAAxADgALgBwAGQAZgAPABgACwBNAGEAYwBCAG8AbwBrACAAUAByAG8AEgBSVXNlcnMveXVzc21lL0RvY3VtZW50cy9QYXBlcnMvbGlicm8tZGUtc2F0b3NoaS1ibG9ja2NoYWluLWVzcGFuYS12MS1qdW5pby0yMDE4LnBkZgATAAEvAAAVAAIADf//AAAACAANABoAJABoAAAAAAAAAgEAAAAAAAAABQAAAAAAAAAAAAAAAAAAAlQ=}}

@book{Lopez:2018vy,
	author = {Marcos Allende L{\'o}pez},
	date-added = {2021-08-20 18:47:51 -0500},
	date-modified = {2021-08-20 19:32:26 -0500},
	journal = {ITE/IPS TechLab},
	keywords = {Blockchain,Confianza},
	publisher = {Banco Interamericano de Desarrollo},
	rating = {1},
	title = {Blockchain, C{\'o}mo desarrollar confianza en entornos complejos para generar valor de impacto social.},
	year = {2018},
	Bdsk-File-1 = {YnBsaXN0MDDSAQIDBFxyZWxhdGl2ZVBhdGhZYWxpYXNEYXRhXxA5Li4vLi4vUGFwZXJzL2Jsb2NrY2hhaW5fY29tb19kZXNhcnJvbGxhcl9jb25maWFuemFfZW4ucGRmTxEByAAAAAAByAACAAALTWFjQm9vayBQcm8AAAAAAAAAAAAAAAAAAAAAAAAAAEJEAAH/////H2Jsb2NrY2hhaW5fY29tb19kZSNGRkZGRkZGRi5wZGYAAAAAAAAAAAAAAAAAAAAAAAAAAAAAAAAAAAAAAAAAAP////8AAAAAAAAAAAAAAAAAAgACAAAKIGN1AAAAAAAAAAAAAAAAAAZQYXBlcnMAAgBMLzpVc2Vyczp5dXNzbWU6RG9jdW1lbnRzOlBhcGVyczpibG9ja2NoYWluX2NvbW9fZGVzYXJyb2xsYXJfY29uZmlhbnphX2VuLnBkZgAOAFoALABiAGwAbwBjAGsAYwBoAGEAaQBuAF8AYwBvAG0AbwBfAGQAZQBzAGEAcgByAG8AbABsAGEAcgBfAGMAbwBuAGYAaQBhAG4AegBhAF8AZQBuAC4AcABkAGYADwAYAAsATQBhAGMAQgBvAG8AawAgAFAAcgBvABIASlVzZXJzL3l1c3NtZS9Eb2N1bWVudHMvUGFwZXJzL2Jsb2NrY2hhaW5fY29tb19kZXNhcnJvbGxhcl9jb25maWFuemFfZW4ucGRmABMAAS8AABUAAgAN//8AAAAIAA0AGgAkAGAAAAAAAAACAQAAAAAAAAAFAAAAAAAAAAAAAAAAAAACLA==}}
